%-----------------------------------------------------------------------------------------------------------------------
% LICENSE
%
% "biblio.bib" (C) 2024 by Jakob Harden (Graz University of Technology) is licensed under a Creative Commons Attribution 4.0 International license.
%
% License deed: https://creativecommons.org/licenses/by/4.0/
% Author email: jakob.harden@tugraz.at, jakob.harden@student.tugraz.at, office@jakobharden.at
% Author website: https://jakobharden.at/wordpress/
% Author ORCID: https://orcid.org/0000-0002-5752-1785
%
% This file is part of the PhD thesis of Jakob Harden.
%-----------------------------------------------------------------------------------------------------------------------
%
% GNU Octave programm code
@online{progcode,
	author = {Jakob Harden},
	title = {Auto-correlation function estimation with reduced impact of noise - GNU Octave program code},
	year = {2024},
	doi = {xxxxxx-xxxxxx},
	url = {https://doi.org/xxxxxx-xxxxxx},
	publisher = {Graz University of Technology}
}

% test series 1, cement paste tests
@dataset{ts1ds,
	author       = {Harden, Jakob},
	title        = {{Ultrasonic Pulse Transmission Tests: Datasets - 
	Test Series 1, Cement Paste at Early Stages}},
	month        = jul,
	year         = 2023,
	publisher    = {Graz University of Technology},
	version      = {1.0},
	doi          = {10.3217/bhs4g-m3z76},
	url          = {https://doi.org/10.3217/bhs4g-m3z76}
}

% test series 3, reference tests, air, 120kHz s-wave sensor
@dataset{ts3ds,
	author       = {Harden, Jakob},
	title        = {{Ultrasonic Pulse Transmission Tests: Datasets - 
	Test Series 3, Reference Tests on Air}},
	month        = jul,
	year         = 2023,
	publisher    = {Graz University of Technology},
	version      = {1.0},
	doi          = {10.3217/ph0jm-8ax76},
	url          = {https://doi.org/10.3217/ph0jm-8ax76}
}

% test series 4, cement paste tests, 120kHz s-wave sensor
@dataset{ts4ds,
	author       = {Harden, Jakob},
	title        = {{Ultrasonic Pulse Transmission Tests: Datasets - 
	Test Series 4, Cement Paste at Early Stages}},
	month        = jul,
	year         = 2023,
	publisher    = {Graz University of Technology},
	version      = {1.0},
	doi          = {10.3217/f62md-kep36},
	url          = {https://doi.org/10.3217/f62md-kep36}
}

% test series 5, reference tests, air
@dataset{ts5ds,
	author       = {Harden, Jakob},
	title        = {{Ultrasonic Pulse Transmission Tests: Datasets - 
	Test Series 5, Reference Tests on Air}},
	month        = jul,
	year         = 2023,
	publisher    = {Graz University of Technology},
	version      = {1.0},
	doi          = {10.3217/bjkrj-pg829},
	url          = {https://doi.org/10.3217/bjkrj-pg829}
}

% test series 6, reference tests, water
@dataset{ts6ds,
	author       = {Harden, Jakob},
	title        = {{Ultrasonic Pulse Transmission Tests: Datasets - 
	Test Series 6, Reference Tests on Water}},
	month        = jul,
	year         = 2023,
	publisher    = {Graz University of Technology},
	version      = {1.0},
	doi          = {10.3217/hn7we-q7z09},
	url          = {https://doi.org/10.3217/hn7we-q7z09}
}

% test series 7, reference tests, aluminium cylinder
@dataset{ts7ds,
	author       = {Harden, Jakob},
	title        = {{Ultrasonic Pulse Transmission Tests: Datasets - 
	Test Series 7, Reference Tests on Aluminium
	Cylinder}},
	month        = jul,
	year         = 2023,
	publisher    = {Graz University of Technology},
	version      = {1.0},
	doi          = {10.3217/azh6e-rvy75},
	url          = {https://doi.org/10.3217/azh6e-rvy75}
}